@ARTICLE{Reid2015A,
author={Reid, M.T.H. and White, J.K. and Johnson, S.G.}, 
journal={Antennas and Propagation, IEEE Transactions on}, 
title={Generalized Taylor #x2013;Duffy Method for Efficient Evaluation of Galerkin Integrals in Boundary-Element Method Computations}, 
year={2015}, 
month={Jan}, 
volume={63}, 
number={1}, 
pages={195-209}, 
keywords={Galerkin method;boundary-elements methods;electric field integral equations;public domain software;BEM solvers;Galerkin integrals;boundary-element method;computer-algebra system;four-dimensional integrals;generalized Taylor-Duffy method;multiple disparate integral-evaluation scheme;open-source software;triangle-product domains;Closed-form solutions;Integral equations;Kernel;Open source software;Polynomials;Time division multiplexing;Boundary-element method (BEM);Galerkin formulation;PMCHW;code generation;computer algebra;electric-field integral equation (EFIE);impedance matrix;magnetic-field integral equation (MFIE);method of moments (MOM);singular integrals;singularity cancellation;singularity subtraction}, 
doi={10.1109/TAP.2014.2367492}, 
ISSN={0018-926X},}

@ARTICLE{Reid2015B,
author={Reid, M. and Johnson, S.}, 
journal={Antennas and Propagation, IEEE Transactions on}, 
title={Efficient Computation of Power, Force, and Torque in BEM Scattering Calculations}, 
year={2015}, 
month={}, 
volume={PP}, 
number={99}, 
pages={1-1}, 
keywords={Force;Geometry;Integral equations;Method of moments;Scattering;Sparse matrices;Torque;Casimir effect;Method of moments;electromagnetic propagation;extinction coefficients;force;nanophotonics;nanosensors;torque}, 
doi={10.1109/TAP.2015.2438393}, 
ISSN={0018-926X},}

@ARTICLE{SWG1984,
author={Schaubert, D.H. and Wilton, D.R. and Glisson, A.W.}, 
journal={Antennas and Propagation, IEEE Transactions on}, 
title={A tetrahedral modeling method for electromagnetic scattering by arbitrarily shaped inhomogeneous dielectric bodies}, 
year={1984}, 
month={Jan}, 
volume={32}, 
number={1}, 
pages={77-85}, 
keywords={Electromagnetic scattering by nonhomogeneous media;Atmospheric modeling;Dielectrics;Electromagnetic modeling;Electromagnetic scattering;Helium;Integral equations;Magnetic resonance;Moment methods;Nonuniform electric fields;Testing}, 
doi={10.1109/TAP.1984.1143193}, 
ISSN={0018-926X},}

@article{Krueger2012,
  title = {Trace formulas for nonequilibrium Casimir interactions, heat radiation, and heat transfer for arbitrary objects},
  author = {Kr\"uger, Matthias and Bimonte, Giuseppe and Emig, Thorsten and Kardar, Mehran},
  journal = {Phys. Rev. B},
  volume = {86},
  issue = {11},
  pages = {115423},
  numpages = {26},
  year = {2012},
  month = {Sep},
  publisher = {American Physical Society},
  doi = {10.1103/PhysRevB.86.115423},
  url = {http://link.aps.org/doi/10.1103/PhysRevB.86.115423}
}

@article{Rahi2009,
  title = {Scattering theory approach to electrodynamic Casimir forces},
  author = {Rahi, Sahand Jamal and Emig, Thorsten and Graham, Noah and Jaffe, Robert L. and Kardar, Mehran},
  journal = {Phys. Rev. D},
  volume = {80},
  issue = {8},
  pages = {085021},
  numpages = {27},
  year = {2009},
  month = {Oct},
  publisher = {American Physical Society},
  doi = {10.1103/PhysRevD.80.085021},
  url = {http://link.aps.org/doi/10.1103/PhysRevD.80.085021}
}
